@article{60,
 author = {Carlos López and Raúl Marticorena-Sánchez and José Francisco Díez-Pastor and César García-Osorio},
 cites = {0},
 journal = {International Journal of Engineering Education},
 number = {3},
 pages = {839-850},
 publisher = {García-Peñalvo, Francisco José; Ricardo Colomo Palacios},
 title = {Acquisition of transferable skills associated with software maintenance and development using tools for versioning and task management},
 volume = {31},
 year = {1970}
}


@article{ ISI:0004544183026,
Author = {Tang, Yufei and Liu, Zhaowei and Zhao, Kang},
Journal = {JOURNAL OF APPLIED POLYMER SCIENCE},
Year = {2018},
Volume = {136},
Number = {13},
Month = {APR 5},
Publisher = {WILEY},
Address = {111 RIVER ST, HOBOKEN 07030-5774, NJ USA},
Type = {Article},
Language = {English},
Affiliation = {Zhao, K (Reprint Author), Xian Univ Technol, Dept Mat Sci \& Engn, Xian 710048, Shaanxi, Peoples R China.
   Tang, Yufei; Liu, Zhaowei; Zhao, Kang, Xian Univ Technol, Dept Mat Sci \& Engn, Xian 710048, Shaanxi, Peoples R China.},
DOI = {10.1002/app.47262},
Article-Number = {47262},
ISSN = {0021-8995},
EISSN = {1097-4628},
Keywords = {capacity; electrospinning; freeze-drying; oil sorption; porous PS
   fibrous membrane},
Keywords-Plus = {POLY(VINYLIDENE FLUORIDE) MEMBRANES; SURFACE-MORPHOLOGY; FIBERS;
   HUMIDITY; ABSORPTION; NANOFIBERS; POROSITY; MATS},
Research-Areas = {Polymer Science},
Web-of-Science-Categories  = {Polymer Science},
Author-Email = {kzhao@xaut.edu.cn},
Number-of-Cited-References = {40},
cites = {0},
Usage-Count-Last-180-days = {16},
Usage-Count-Since-2013 = {16},
Journal-ISO = {J. Appl. Polym. Sci.},
Doc-Delivery-Number = {HF7KN},
Unique-ID = {ISI:000454418300026},
DA = {2019-01-16},
}

@article{ ISI:0274570,
Author = {Tang, Yufei and Liu, Zhaowei and Zhao, Kang},
Title = {Fabrication of hollow and porous polystyrene fibrous membranes by
   electrospinning combined with freeze-drying for oil removal from water},
Journal = {JOURNAL OF APPLIED POLYMER SCIENCE},
Year = {2018},
Volume = {136},
Number = {13},
Month = {APR 5},
Publisher = {WILEY},
Address = {111 RIVER ST, HOBOKEN 07030-5774, NJ USA},
Type = {Article},
Language = {English},
Affiliation = {Zhao, K (Reprint Author), Xian Univ Technol, Dept Mat Sci \& Engn, Xian 710048, Shaanxi, Peoples R China.
   Tang, Yufei; Liu, Zhaowei; Zhao, Kang, Xian Univ Technol, Dept Mat Sci \& Engn, Xian 710048, Shaanxi, Peoples R China.},
DOI = {10.1002/app.47262},
Article-Number = {47262},
ISSN = {0021-8995},
EISSN = {1097-4628},
Keywords = {capacity; electrospinning; freeze-drying; oil sorption; porous PS
   fibrous membrane},
Keywords-Plus = {POLY(VINYLIDENE FLUORIDE) MEMBRANES; SURFACE-MORPHOLOGY; FIBERS;
   HUMIDITY; ABSORPTION; NANOFIBERS; POROSITY; MATS},
Research-Areas = {Polymer Science},
Web-of-Science-Categories  = {Polymer Science},
Author-Email = {kzhao@xaut.edu.cn},
Number-of-Cited-References = {40},
cites = {0},
Usage-Count-Last-180-days = {16},
Usage-Count-Since-2013 = {16},
Journal-ISO = {J. Appl. Polym. Sci.},
Doc-Delivery-Number = {HF7KN},
Unique-ID = {ISI:000454418300026},
DA = {2019-01-16},
impactIndex = {3.768},
journalCategory = {COMPUTER SCIENCE, ARTIFICIAL INTELLIGENCE
ENGINEERING, ELECTRICAL & ELECTRONIC},
journalQuartile = {Q1
Q1},
journalRank = {20/132
42/260},
journalTertile = {1
1},
}

@article{ ISI:000454419800026,
Title = {Fabrication of hollow and porous polystyrene fibrous membranes by
   electrospinning combined with freeze-drying for oil removal from water},
Journal = {JOURNAL OF APPLIED POLYMER SCIENCE},
Year = {2018},
Volume = {136},
Number = {13},
Month = {APR 5},
Publisher = {WILEY},
Address = {111 RIVER ST, HOBOKEN 07030-5774, NJ USA},
Type = {Article},
Language = {English},
Affiliation = {Zhao, K (Reprint Author), Xian Univ Technol, Dept Mat Sci \& Engn, Xian 710048, Shaanxi, Peoples R China.
   Tang, Yufei; Liu, Zhaowei; Zhao, Kang, Xian Univ Technol, Dept Mat Sci \& Engn, Xian 710048, Shaanxi, Peoples R China.},
DOI = {10.1002/app.47262},
Article-Number = {47262},
ISSN = {0021-8995},
EISSN = {1097-4628},
Keywords = {capacity; electrospinning; freeze-drying; oil sorption; porous PS
   fibrous membrane},
Keywords-Plus = {POLY(VINYLIDENE FLUORIDE) MEMBRANES; SURFACE-MORPHOLOGY; FIBERS;
   HUMIDITY; ABSORPTION; NANOFIBERS; POROSITY; MATS},
Research-Areas = {Polymer Science},
Web-of-Science-Categories  = {Polymer Science},
Author-Email = {kzhao@xaut.edu.cn},
Number-of-Cited-References = {40},
cites = {0},
Usage-Count-Last-180-days = {16},
Usage-Count-Since-2013 = {16},
Journal-ISO = {J. Appl. Polym. Sci.},
Doc-Delivery-Number = {HF7KN},
Unique-ID = {ISI:000454418300026},
DA = {2019-01-16},
impactIndex = {None},
 journalCategory = {None},
 journalQuartile = {None},
 journalRank = {None},
 journalTertile = {None},
}

@book{61,
 author = {Juan José Rodríguez Diez and José-Francisco Díez-Pastor and Álvar Arnaiz-González and César Ignacio García-Osorio},
 cites = {0},
 pages = {181-193},
 title = {An Experimental Study on Combining Binarization Techniques and Ensemble Methods of Decision Trees.},
 url = {http://scholar.google.com/scholar?cluster=9799707740547978994&hl=en&oi=scholarr},
 year = {1970}
}

@book{ ISI:000449986200017,
Title = {Contaminants},
Booktitle = {SOILS OF ARGENTINA},
Series = {World Soils Book Series},
Year = {2018},
Pages = {251-259},
ISSN = {2211-1255},
EISSN = {2211-1263},
ISBN = {978-3-319-76853-3; 978-3-319-76851-9},
Unique-ID = {ISI:000449986200017},
}

@inproceedings{ISI:000265950400066,
 address = {1515 BROADWAY, NEW YORK, NY 10036-9998 USA},
 affiliation = {Garcia-Osorio, Cesar; Mediavilla-Saiz, Inigo; Jimeno-Visitacion, Javier, Univ Burgos, Burgos 09006, Spain.},
 author = {Garcia-Osorio, Cesar and Mediavilla-Saiz, Inigo and Jimeno-Visitacion,
Javier and Garcia-Pedrajas, Nicolas},
 author-email = {cgosorio@gmail.com
imediava@gmail.com
javierjimenov@gmail.com
npedrajas@uco.es},
 book-group-author = {ACM},
 booktitle = {ITICSE `08: PROCEEDINGS OF THE 13TH ANNUAL CONFERENCE ON INNOVATION AND
TECHNOLOGY IN COMPUTER SCIENCE EDUCATION},
 cited-references = {BOVET J, VISUAL AUTOMATA SIMU.
BURCH C, AUTOMATON SIMULATOR.
RODGER SH, JAVA INTERACTIVE FOR.},
 cites = {3},
 da = {2019-01-11},
 doc-delivery-number = {BJH75},
 isbn = {978-1-60558-078-4},
 keywords = {Finite automaton; regular expression; grammar; Cocke-Younger-Kasami
algorithm; Chomsky normal form; LL parsing; interactive teaching tool},
 language = {English},
 note = {13th Annual Conference on Innovation and Technology in Computer Science
Education, Madrid, SPAIN, JUN 30-JUL 02, 2008},
 orcid-numbers = {Garcia-Osorio, Cesar/0000-0002-1206-1084},
 organization = {ACM SIGCSE; Univ Politecn Madrid; Madrid Convent Bureau; Minist Educ;
Google; Intel; Microsoft Res},
 pages = {316},
 publisher = {ASSOC COMPUTING MACHINERY},
 research-areas = {Computer Science; Education \& Educational Research},
 researcherid-numbers = {Garcia-Osorio, Cesar/F-4232-2011},
 times-cited = {0},
 title = {Teaching Push-down Automata and Turing Machines},
 type = {Proceedings Paper},
 unique-id = {ISI:000265950400066},
 usage-count-last-180-days = {0},
 usage-count-since-2013 = {1},
 web-of-science-categories = {Computer Science, Theory \& Methods; Education \& Educational Research},
 year = {2008}
}

@inproceedings{ISI:000265950400066,
 address = {1515 BROADWAY, NEW YORK, NY 10036-9998 USA},
 affiliation = {Garcia-Osorio, Cesar; Mediavilla-Saiz, Inigo; Jimeno-Visitacion, Javier, Univ Burgos, Burgos 09006, Spain.},
 author-email = {cgosorio@gmail.com
imediava@gmail.com
javierjimenov@gmail.com
npedrajas@uco.es},
 book-group-author = {ACM},
 booktitle = {ITICSE `08: PROCEEDINGS OF THE 13TH ANNUAL CONFERENCE ON INNOVATION AND
TECHNOLOGY IN COMPUTER SCIENCE EDUCATION},
 cited-references = {BOVET J, VISUAL AUTOMATA SIMU.
BURCH C, AUTOMATON SIMULATOR.
RODGER SH, JAVA INTERACTIVE FOR.},
 cites = {3},
 da = {2019-01-11},
 doc-delivery-number = {BJH75},
 isbn = {978-1-60558-078-4},
}